<?xml version="1.0" encoding="UTF-8"?><collection xmlns="http://www.loc.gov/MARC21/slim"><record><leader>00511nam--2200157-i-4500</leader><controlfield tag="001">000001791</controlfield><controlfield tag="002">20161230</controlfield><controlfield tag="005">20170211162159</controlfield><controlfield tag="008">060222s1000------------r-----000-0-eng-d</controlfield><datafield ind1=" " ind2=" " tag="080"><subfield code="a">621.039.54</subfield></datafield><datafield ind1=" " ind2=" " tag="100"><subfield code="a">Glanz, Gunther Erich</subfield></datafield><datafield ind1=" " ind2=" " tag="245"><subfield code="a">Difuzivitatea termica a meselor din sistemul vitroceramic uo2 - sio2.teza pentru obtinerea titlului de doctorat in fizica</subfield><subfield code="b">rezumatul tezei</subfield></datafield><datafield ind1=" " ind2=" " tag="260"><subfield code="a">Bucuresti</subfield><subfield code="b">Institutul De Fizica Atomica</subfield><subfield code="c">1969</subfield></datafield><datafield ind1=" " ind2=" " tag="300"><subfield code="a">26 p</subfield></datafield><datafield ind1=" " ind2=" " tag="852"><subfield code="a">31141</subfield></datafield><datafield ind1=" " ind2=" " tag="CAT"><subfield code="a">SYS</subfield><subfield code="c">20170211</subfield><subfield code="h">162159</subfield></datafield></record></collection>